<collection xmlns="http://www.loc.gov/MARC21/slim">
<record>
  <leader>01365nam0a22002531i 450 </leader>
  <controlfield tag="001">IT\ICCU\CNCE\067678</controlfield>
  <controlfield tag="005">20060926000000.0</controlfield>
  <datafield tag="012" ind1=" " ind2=" ">
    <subfield code="a">e.me reto reto reto (C) 1600 (Q)</subfield>
    <subfield code="2">fei</subfield>
  </datafield>
  <datafield tag="100" ind1=" " ind2=" ">
    <subfield code="a">20060907f1600        0itac0103    ba</subfield>
  </datafield>
  <datafield tag="101" ind1=" " ind2=" ">
    <subfield code="a">ITA</subfield>
  </datafield>
  <datafield tag="102" ind1=" " ind2=" ">
    <subfield code="a">IT</subfield>
  </datafield>
  <datafield tag="200" ind1="1" ind2=" ">
    <subfield code="a">Trattato delle semente, il quale insegna quando si deue seminare, e quando  ̈tempo di trasporre, e di mese in mese come si deue fare le ricolte. Con dua bellissimi capitoli, vno di Bernardo Giambullari, e l&apos;altro di M. Panfilo Saffo, sopra il destino. Nuouamente ristampata</subfield>
  </datafield>
  <datafield tag="210" ind1=" " ind2=" ">
    <subfield code="a">In Fiorenza</subfield>
    <subfield code="c">all&apos;insegna della Stella</subfield>
  </datafield>
  <datafield tag="215" ind1=" " ind2=" ">
    <subfield code="a">\4! c.</subfield>
    <subfield code="d">4℗ð</subfield>
  </datafield>
  <datafield tag="300" ind1=" " ind2=" ">
    <subfield code="a">Eliminata perch ̌accorpata a CNC20904. Pubblicata intorno al 1600., cfr. EDIT 16 CNCT 2034. -  Cors. ; rom. -  Segn.: Áþ. -  Front. in cornice xil. -  Vignetta xil. (Buoi arano la terra) sul front</subfield>
  </datafield>
  <datafield tag="620" ind1=" " ind2=" ">
    <subfield code="a">IT</subfield>
    <subfield code="d">Firenze</subfield>
  </datafield>
  <datafield tag="702" ind1=" " ind2="1">
    <subfield code="a">Giambullari,</subfield>
    <subfield code="b">Bernardo</subfield>
    <subfield code="3">IT\ICCU\CNCA\003464</subfield>
  </datafield>
  <datafield tag="702" ind1=" " ind2="1">
    <subfield code="a">Sassi,</subfield>
    <subfield code="b">Panfilo</subfield>
    <subfield code="3">IT\ICCU\CNCA\005680</subfield>
  </datafield>
  <datafield tag="712" ind1="0" ind2="2">
    <subfield code="a">℗al segno della ℗Stella</subfield>
    <subfield code="c"> &lt;Firenze&gt;</subfield>
    <subfield code="3">IT\ICCU\CNCT\002034</subfield>
    <subfield code="4">650</subfield>
  </datafield>
  <datafield tag="790" ind1=" " ind2="1">
    <subfield code="a">Iambulari,</subfield>
    <subfield code="b">Bernardo</subfield>
    <subfield code="3">IT\ICCU\CNCA\025392</subfield>
    <subfield code="z">Giambullari, Bernardo</subfield>
  </datafield>
  <datafield tag="790" ind1=" " ind2="1">
    <subfield code="a">Sasso,</subfield>
    <subfield code="b">Panfilo</subfield>
    <subfield code="3">IT\ICCU\CNCA\016987</subfield>
    <subfield code="z">Sassi, Panfilo</subfield>
  </datafield>
  <datafield tag="790" ind1=" " ind2="1">
    <subfield code="a">Saxus,</subfield>
    <subfield code="b">Pamphilus</subfield>
    <subfield code="3">IT\ICCU\CNCA\023864</subfield>
    <subfield code="z">Sassi, Panfilo</subfield>
  </datafield>
  <datafield tag="801" ind1=" " ind2="3">
    <subfield code="a">IT</subfield>
    <subfield code="b">ICCU</subfield>
    <subfield code="c">20201115</subfield>
  </datafield>
  <datafield tag="899" ind1=" " ind2=" ">
    <subfield code="a">Biblioteca nazionale centrale. Roma</subfield>
    <subfield code="1">RM0267</subfield>
    <subfield code="2">BVE CR</subfield>
  </datafield>
</record>
</collection>
